# BiBTeX参考文献リスト

@book{team_dev,
  title = "チーム開発実践入門 〜共同作業を円滑に行うツール・メソッド",
  author = "池田 尚史 and 藤倉 和明 and 井上 史彰",
  publisher = "技術評論社",
  year = "2014",
  xxmonth = "4"
}

@misc{kut,
  title = "高知工科大学公式ウェブサイト",
  howpublished = "\url{http://www.kochi-tech.ac.jp/kut/index.html}"
}
